<?xml version="1.0" encoding="UTF-8"?>
<!DOCTYPE html PUBLIC "-//W3C//DTD XHTML 1.0 Transitional//EN"
    "http://www.w3.org/TR/xhtml1/DTD/xhtml1-transitional.dtd">
<html xmlns="http://www.w3.org/1999/xhtml" xml:lang="en" lang="en">
 <head>
  <title>
</title>
<meta http-equiv="Content-Type" content="text/html;charset=utf-8" />
  <meta name='ocr-system' content='tesseract 3.04.00' />
  <meta name='ocr-capabilities' content='ocr_page ocr_carea ocr_par ocr_line ocrx_word'/>
</head>
<body>
  <div class='ocr_page' id='page_1' title='image "./monumentadeinsu00olivgoog/monumentadeinsu00olivgoog_0179.png"; bbox 0 0 3202 5124; ppageno 0'>
   <div class='ocr_carea' id='block_1_1' title="bbox 319 517 1178 580">
    <p class='ocr_par' dir='ltr' id='par_1_1' title="bbox 319 517 1178 580">
     <span class='ocr_line' id='line_1_1' title="bbox 319 517 1178 580; baseline -0.005 -2"><span class='ocrx_word' id='word_1_1' title='bbox 319 517 380 580; x_wconf 82' lang='grc'>156</span> <span class='ocrx_word' id='word_1_2' title='bbox 600 531 803 578; x_wconf 74' lang='lat' dir='ltr'>norumru</span> <span class='ocrx_word' id='word_1_3' title='bbox 825 532 867 576; x_wconf 85' lang='lat' dir='ltr'>nr</span> <span class='ocrx_word' id='word_1_4' title='bbox 889 531 1008 576; x_wconf 70' lang='lat' dir='ltr'>rnsurn</span> <span class='ocrx_word' id='word_1_5' title='bbox 1030 529 1178 576; x_wconf 68' lang='lat' dir='ltr'>norrun.</span> 
     </span>
    </p>
   </div>
   <div class='ocr_carea' id='block_1_2' title="bbox 317 690 1566 4452">
    <p class='ocr_par' dir='ltr' id='par_1_2' title="bbox 317 690 1566 4452">
     <span class='ocr_line' id='line_1_2' title="bbox 317 690 1468 776; baseline -0.007 -16"><span class='ocrx_word' id='word_1_6' title='bbox 317 703 408 760; x_wconf 85' lang='lat' dir='ltr'>tunm</span> <span class='ocrx_word' id='word_1_7' title='bbox 428 693 462 758; x_wconf 91' lang='lat' dir='ltr'>in</span> <span class='ocrx_word' id='word_1_8' title='bbox 484 691 541 757; x_wconf 87' lang='lat' dir='ltr'>teli</span> <span class='ocrx_word' id='word_1_9' title='bbox 564 692 722 776; x_wconf 80' lang='lat' dir='ltr'>angustie.</span> <span class='ocrx_word' id='word_1_10' title='bbox 766 691 820 768; x_wconf 85' lang='lat' dir='ltr'>Et,</span> <span class='ocrx_word' id='word_1_11' title='bbox 839 690 866 753; x_wconf 82' lang='lat' dir='ltr'>ei</span> <span class='ocrx_word' id='word_1_12' title='bbox 913 691 1017 755; x_wconf 82' lang='lat' dir='ltr'><strong>which</strong></span> <span class='ocrx_word' id='word_1_13' title='bbox 1046 691 1080 754; x_wconf 91' lang='lat' dir='ltr'>in</span> <span class='ocrx_word' id='word_1_14' title='bbox 1110 692 1239 756; x_wconf 79' lang='lat' dir='ltr'>ancient</span> <span class='ocrx_word' id='word_1_15' title='bbox 1268 692 1365 756; x_wconf 83' lang='lat' dir='ltr'>times</span> <span class='ocrx_word' id='word_1_16' title='bbox 1391 692 1468 756; x_wconf 82' lang='lat' dir='ltr'>thou</span> 
     </span>
     <span class='ocr_line' id='line_1_3' title="bbox 317 802 1467 890; baseline -0.005 -18"><span class='ocrx_word' id='word_1_17' title='bbox 317 830 381 872; x_wconf 89' lang='lat' dir='ltr'>non</span> <span class='ocrx_word' id='word_1_18' title='bbox 396 811 522 890; x_wconf 88' lang='lat' dir='ltr'>propter</span> <span class='ocrx_word' id='word_1_19' title='bbox 537 827 605 882; x_wconf 86' lang='lat' dir='ltr'>nos,</span> <span class='ocrx_word' id='word_1_20' title='bbox 614 802 727 866; x_wconf 77' lang='lat' dir='ltr'>saltem</span> <span class='ocrx_word' id='word_1_21' title='bbox 742 809 869 886; x_wconf 88' lang='lat' dir='ltr'>propter</span> <span class='ocrx_word' id='word_1_22' title='bbox 913 804 1108 888; x_wconf 78' lang='lat' dir='ltr'>wroughtest</span> <span class='ocrx_word' id='word_1_23' title='bbox 1126 803 1162 866; x_wconf 90' lang='lat' dir='ltr'>in</span> <span class='ocrx_word' id='word_1_24' title='bbox 1183 803 1249 866; x_wconf 81' lang='lat' dir='ltr'>this</span> <span class='ocrx_word' id='word_1_25' title='bbox 1265 803 1354 886; x_wconf 72' lang='lat' dir='ltr'>ploce</span> <span class='ocrx_word' id='word_1_26' title='bbox 1362 829 1372 880; x_wconf 65' lang='grc' dir='ltr'><strong><em>ς</em></strong></span> <span class='ocrx_word' id='word_1_27' title='bbox 1397 803 1467 865; x_wconf 78' lang='lat' dir='ltr'>hest</span> 
     </span>
     <span class='ocr_line' id='line_1_4' title="bbox 317 911 1544 998; baseline -0.003 -18"><span class='ocrx_word' id='word_1_28' title='bbox 317 918 468 982; x_wconf 87' lang='lat' dir='ltr'><strong>honorem</strong></span> <span class='ocrx_word' id='word_1_29' title='bbox 483 912 619 978; x_wconf 84' lang='lat' dir='ltr'>nominis</span> <span class='ocrx_word' id='word_1_30' title='bbox 633 911 692 990; x_wconf 86' lang='lat' dir='ltr'>tui,</span> <span class='ocrx_word' id='word_1_31' title='bbox 716 913 774 976; x_wconf 80' lang='lat' dir='ltr'>hoc</span> <span class='ocrx_word' id='word_1_32' title='bbox 790 913 867 990; x_wconf 85' lang='lat' dir='ltr'>vice,</span> <span class='ocrx_word' id='word_1_33' title='bbox 913 915 992 980; x_wconf 91' lang='lat' dir='ltr'>thou</span> <span class='ocrx_word' id='word_1_34' title='bbox 1020 912 1167 979; x_wconf 82' lang='lat' dir='ltr'>forsaken</span> <span class='ocrx_word' id='word_1_35' title='bbox 1196 915 1259 998; x_wconf 82' lang='lat' dir='ltr'>thy</span> <span class='ocrx_word' id='word_1_36' title='bbox 1287 915 1398 998; x_wconf 85' lang='lat' dir='ltr'>people</span> <span class='ocrx_word' id='word_1_37' title='bbox 1428 937 1467 976; x_wconf 90' lang='lat' dir='ltr'>on</span> <span class='ocrx_word' id='word_1_38' title='bbox 1543 967 1544 970; x_wconf 63' lang='lat'>,</span> 
     </span>
     <span class='ocr_line' id='line_1_5' title="bbox 319 1023 1467 1110; baseline -0.005 -19"><span class='ocrx_word' id='word_1_39' title='bbox 319 1051 376 1091; x_wconf 86' lang='lat' dir='ltr'>nos</span> <span class='ocrx_word' id='word_1_40' title='bbox 391 1026 536 1110; x_wconf 52' lang='lat' dir='ltr'>adjuva?</span> <span class='ocrx_word' id='word_1_41' title='bbox 583 1023 655 1100; x_wconf 84' lang='lat' dir='ltr'>His,</span> <span class='ocrx_word' id='word_1_42' title='bbox 671 1029 704 1086; x_wconf 90' lang='lat' dir='ltr'>et</span> <span class='ocrx_word' id='word_1_43' title='bbox 725 1023 868 1106; x_wconf 82' lang='lat' dir='ltr'>hujusce·</span> <span class='ocrx_word' id='word_1_44' title='bbox 914 1031 1047 1088; x_wconf 76' lang='lat' dir='ltr'>account</span> <span class='ocrx_word' id='word_1_45' title='bbox 1060 1025 1097 1088; x_wconf 87' lang='lat' dir='ltr'>of</span> <span class='ocrx_word' id='word_1_46' title='bbox 1115 1047 1172 1088; x_wconf 91' lang='lat' dir='ltr'>our</span> <span class='ocrx_word' id='word_1_47' title='bbox 1186 1024 1253 1088; x_wconf 81' lang='lat' dir='ltr'>eins</span> <span class='ocrx_word' id='word_1_48' title='bbox 1263 1051 1273 1102; x_wconf 87' lang='lat'>;</span> <span class='ocrx_word' id='word_1_49' title='bbox 1298 1025 1369 1088; x_wconf 79' lang='lat' dir='ltr'>wilt</span> <span class='ocrx_word' id='word_1_50' title='bbox 1390 1025 1467 1088; x_wconf 89' lang='lat' dir='ltr'>thou</span> 
     </span>
     <span class='ocr_line' id='line_1_6' title="bbox 319 1133 1468 1219; baseline -0.003 -17"><span class='ocrx_word' id='word_1_51' title='bbox 319 1137 407 1204; x_wconf 89' lang='lat' dir='ltr'>modi</span> <span class='ocrx_word' id='word_1_52' title='bbox 429 1137 557 1202; x_wconf 84' lang='lat' dir='ltr'>vocibus</span> <span class='ocrx_word' id='word_1_53' title='bbox 580 1139 695 1210; x_wconf 75' lang='lat' dir='ltr'>motuS,</span> <span class='ocrx_word' id='word_1_54' title='bbox 711 1139 748 1196; x_wconf 91' lang='lat' dir='ltr'>nt</span> <span class='ocrx_word' id='word_1_55' title='bbox 770 1133 868 1196; x_wconf 89' lang='lat' dir='ltr'>credi·</span> <span class='ocrx_word' id='word_1_56' title='bbox 914 1135 1035 1199; x_wconf 80' lang='lat' dir='ltr'>forselre</span> <span class='ocrx_word' id='word_1_57' title='bbox 1059 1137 1119 1219; x_wconf 86' lang='lat' dir='ltr'>thy</span> <span class='ocrx_word' id='word_1_58' title='bbox 1136 1135 1246 1219; x_wconf 86' lang='lat' dir='ltr'>people</span> <span class='ocrx_word' id='word_1_59' title='bbox 1268 1135 1303 1197; x_wconf 93' lang='lat' dir='ltr'>in</span> <span class='ocrx_word' id='word_1_60' title='bbox 1326 1136 1406 1200; x_wconf 86' lang='lat' dir='ltr'>such</span> <span class='ocrx_word' id='word_1_61' title='bbox 1429 1157 1468 1198; x_wconf 83' lang='lat' dir='ltr'>un</span> 
     </span>
     <span class='ocr_line' id='line_1_7' title="bbox 320 1245 1468 1330; baseline -0.003 -17"><span class='ocrx_word' id='word_1_62' title='bbox 320 1272 400 1326; x_wconf 82' lang='lat' dir='ltr'>mue,</span> <span class='ocrx_word' id='word_1_63' title='bbox 418 1249 554 1310; x_wconf 80' lang='lat' dir='ltr'>Sanctus</span> <span class='ocrx_word' id='word_1_64' title='bbox 570 1245 743 1308; x_wconf 86' lang='lat' dir='ltr'>Mochutus</span> <span class='ocrx_word' id='word_1_65' title='bbox 763 1265 871 1308; x_wconf 89' lang='lat' dir='ltr'>eorum</span> <span class='ocrx_word' id='word_1_66' title='bbox 914 1246 1105 1330; x_wconf 82' lang='lat' dir='ltr'>extremity?</span> <span class='ocrx_word' id='word_1_67' title='bbox 1141 1247 1216 1309; x_wconf 84' lang='lat' dir='ltr'>And</span> <span class='ocrx_word' id='word_1_68' title='bbox 1228 1246 1256 1309; x_wconf 87' lang='lat' dir='ltr'>if</span> <span class='ocrx_word' id='word_1_69' title='bbox 1267 1247 1468 1310; x_wconf 87' lang='lat' dir='ltr'>notincom-</span> 
     </span>
     <span class='ocr_line' id='line_1_8' title="bbox 320 1355 1469 1441; baseline -0.002 -19"><span class='ocrx_word' id='word_1_70' title='bbox 320 1357 452 1422; x_wconf 84' lang='lat' dir='ltr'>miseriis</span> <span class='ocrx_word' id='word_1_71' title='bbox 479 1357 654 1433; x_wconf 75' lang='lat' dir='ltr'>miseratus,</span> <span class='ocrx_word' id='word_1_72' title='bbox 684 1377 736 1420; x_wconf 83' lang='lat' dir='ltr'>eos</span> <span class='ocrx_word' id='word_1_73' title='bbox 760 1355 798 1418; x_wconf 90' lang='lat' dir='ltr'>de</span> <span class='ocrx_word' id='word_1_74' title='bbox 822 1355 871 1417; x_wconf 90' lang='lat' dir='ltr'>in·</span> <span class='ocrx_word' id='word_1_75' title='bbox 915 1357 1039 1441; x_wconf 75' lang='lat' dir='ltr'>passion</span> <span class='ocrx_word' id='word_1_76' title='bbox 1054 1357 1190 1420; x_wconf 80' lang='lat' dir='ltr'>towards</span> <span class='ocrx_word' id='word_1_77' title='bbox 1208 1380 1254 1436; x_wconf 89' lang='lat' dir='ltr'>us,</span> <span class='ocrx_word' id='word_1_78' title='bbox 1278 1365 1334 1440; x_wconf 91' lang='lat' dir='ltr'>yet</span> <span class='ocrx_word' id='word_1_79' title='bbox 1350 1357 1398 1421; x_wconf 89' lang='lat' dir='ltr'>for</span> <span class='ocrx_word' id='word_1_80' title='bbox 1415 1358 1469 1420; x_wconf 81' lang='lat' dir='ltr'>the</span> 
     </span>
     <span class='ocr_line' id='line_1_9' title="bbox 320 1465 1468 1552; baseline -0.003 -18"><span class='ocrx_word' id='word_1_81' title='bbox 320 1475 426 1534; x_wconf 85' lang='lat' dir='ltr'>stante</span> <span class='ocrx_word' id='word_1_82' title='bbox 436 1466 572 1552; x_wconf 86' lang='lat' dir='ltr'>periculo</span> <span class='ocrx_word' id='word_1_83' title='bbox 582 1465 742 1543; x_wconf 83' lang='lat' dir='ltr'>liberavit;</span> <span class='ocrx_word' id='word_1_84' title='bbox 758 1471 791 1530; x_wconf 88' lang='lat' dir='ltr'>et</span> <span class='ocrx_word' id='word_1_85' title='bbox 800 1467 872 1528; x_wconf 85' lang='lat' dir='ltr'>hos·</span> <span class='ocrx_word' id='word_1_86' title='bbox 917 1469 1016 1532; x_wconf 89' lang='lat' dir='ltr'>honor</span> <span class='ocrx_word' id='word_1_87' title='bbox 1039 1468 1075 1532; x_wconf 85' lang='lat' dir='ltr'>of</span> <span class='ocrx_word' id='word_1_88' title='bbox 1099 1469 1160 1551; x_wconf 86' lang='lat' dir='ltr'>thy</span> <span class='ocrx_word' id='word_1_89' title='bbox 1178 1489 1271 1530; x_wconf 83' lang='lat' dir='ltr'>name</span> <span class='ocrx_word' id='word_1_90' title='bbox 1294 1469 1412 1532; x_wconf 83' lang='lat' dir='ltr'>deliver</span> <span class='ocrx_word' id='word_1_91' title='bbox 1434 1491 1468 1530; x_wconf 88' lang='lat' dir='ltr'>us</span> 
     </span>
     <span class='ocr_line' id='line_1_10' title="bbox 321 1575 1467 1664; baseline -0.01 -15"><span class='ocrx_word' id='word_1_92' title='bbox 321 1591 388 1649; x_wconf 87' lang='lat' dir='ltr'>tem</span> <span class='ocrx_word' id='word_1_93' title='bbox 402 1603 510 1648; x_wconf 80' lang='lat' dir='ltr'>comm</span> <span class='ocrx_word' id='word_1_94' title='bbox 525 1579 624 1646; x_wconf 76' lang='lat' dir='ltr'>atroci</span> <span class='ocrx_word' id='word_1_95' title='bbox 639 1577 748 1664; x_wconf 87' lang='lat' dir='ltr'>generi</span> <span class='ocrx_word' id='word_1_96' title='bbox 762 1575 873 1641; x_wconf 86' lang='lat' dir='ltr'>mortis</span> <span class='ocrx_word' id='word_1_97' title='bbox 917 1579 998 1644; x_wconf 84' lang='lat' dir='ltr'>from</span> <span class='ocrx_word' id='word_1_98' title='bbox 1009 1579 1074 1643; x_wconf 75' lang='lat' dir='ltr'>this</span> <span class='ocrx_word' id='word_1_99' title='bbox 1090 1579 1184 1643; x_wconf 82' lang='lat' dir='ltr'>evil.&#39;&#39;</span> <span class='ocrx_word' id='word_1_100' title='bbox 1231 1581 1280 1641; x_wconf 83' lang='lat' dir='ltr'>St.</span> <span class='ocrx_word' id='word_1_101' title='bbox 1294 1579 1467 1642; x_wconf 82' lang='lat' dir='ltr'>Maohntus</span> 
     </span>
     <span class='ocr_line' id='line_1_11' title="bbox 322 1685 1469 1773; baseline -0.007 -13"><span class='ocrx_word' id='word_1_102' title='bbox 322 1693 495 1760; x_wconf 76' lang='lat' dir='ltr'>damnavit.</span> <span class='ocrx_word' id='word_1_103' title='bbox 532 1688 794 1773; x_wconf 77' lang='lat' dir='ltr'>Namprredictus</span> <span class='ocrx_word' id='word_1_104' title='bbox 804 1685 874 1750; x_wconf 90' lang='lat' dir='ltr'>Gil·</span> <span class='ocrx_word' id='word_1_105' title='bbox 918 1689 1041 1768; x_wconf 84' lang='lat' dir='ltr'>moved,</span> <span class='ocrx_word' id='word_1_106' title='bbox 1057 1711 1090 1752; x_wconf 82' lang='lat' dir='ltr'>as</span> <span class='ocrx_word' id='word_1_107' title='bbox 1105 1710 1153 1752; x_wconf 89' lang='lat' dir='ltr'>we</span> <span class='ocrx_word' id='word_1_108' title='bbox 1175 1687 1303 1767; x_wconf 84' lang='lat' dir='ltr'>believe,</span> <span class='ocrx_word' id='word_1_109' title='bbox 1321 1689 1367 1771; x_wconf 83' lang='lat' dir='ltr'>by</span> <span class='ocrx_word' id='word_1_110' title='bbox 1381 1689 1469 1752; x_wconf 82' lang='lat' dir='ltr'>these</span> 
     </span>
     <span class='ocr_line' id='line_1_12' title="bbox 322 1798 1468 1885; baseline -0.009 -15"><span class='ocrx_word' id='word_1_111' title='bbox 322 1805 459 1870; x_wconf 84' lang='lat' dir='ltr'>ooolmus</span> <span class='ocrx_word' id='word_1_112' title='bbox 481 1826 553 1868; x_wconf 89' lang='lat' dir='ltr'>cum</span> <span class='ocrx_word' id='word_1_113' title='bbox 575 1825 607 1866; x_wconf 84' lang='lat' dir='ltr'>se</span> <span class='ocrx_word' id='word_1_114' title='bbox 622 1799 724 1885; x_wconf 83' lang='lat' dir='ltr'>sopori</span> <span class='ocrx_word' id='word_1_115' title='bbox 739 1799 875 1864; x_wconf 77' lang='lat' dir='ltr'>dedisset</span> <span class='ocrx_word' id='word_1_116' title='bbox 919 1802 982 1866; x_wconf 84' lang='lat' dir='ltr'>end</span> <span class='ocrx_word' id='word_1_117' title='bbox 991 1801 1055 1866; x_wconf 88' lang='lat' dir='ltr'>like</span> <span class='ocrx_word' id='word_1_118' title='bbox 1065 1799 1301 1884; x_wconf 76' lang='lat' dir='ltr'>supplications,</span> <span class='ocrx_word' id='word_1_119' title='bbox 1312 1798 1390 1862; x_wconf 81' lang='lat' dir='ltr'>took</span> <span class='ocrx_word' id='word_1_120' title='bbox 1400 1799 1468 1881; x_wconf 80' lang='lat' dir='ltr'>pity</span> 
     </span>
     <span class='ocr_line' id='line_1_13' title="bbox 323 1907 1467 1995; baseline -0.011 -12"><span class='ocrx_word' id='word_1_121' title='bbox 323 1919 358 1982; x_wconf 90' lang='lat' dir='ltr'>in</span> <span class='ocrx_word' id='word_1_122' title='bbox 385 1915 522 1982; x_wconf 87' lang='lat' dir='ltr'>tentorio</span> <span class='ocrx_word' id='word_1_123' title='bbox 558 1934 624 1990; x_wconf 85' lang='lat' dir='ltr'>suo,</span> <span class='ocrx_word' id='word_1_124' title='bbox 665 1908 811 1994; x_wconf 77' lang='lat' dir='ltr'>apperuit</span> <span class='ocrx_word' id='word_1_125' title='bbox 847 1907 876 1971; x_wconf 90' lang='lat' dir='ltr'>ei</span> <span class='ocrx_word' id='word_1_126' title='bbox 920 1935 961 1976; x_wconf 91' lang='lat' dir='ltr'>ou</span> <span class='ocrx_word' id='word_1_127' title='bbox 970 1911 1054 1976; x_wconf 90' lang='lat' dir='ltr'>their</span> <span class='ocrx_word' id='word_1_128' title='bbox 1062 1911 1245 1995; x_wconf 84' lang='lat' dir='ltr'>miseryend</span> <span class='ocrx_word' id='word_1_129' title='bbox 1254 1907 1467 1991; x_wconf 78' lang='lat' dir='ltr'>immediately</span> 
     </span>
     <span class='ocr_line' id='line_1_14' title="bbox 325 2005 1466 2109; baseline -0.01 -17"><span class='ocrx_word' id='word_1_130' title='bbox 325 2029 461 2094; x_wconf 77' lang='lat' dir='ltr'>Sanctus</span> <span class='ocrx_word' id='word_1_131' title='bbox 471 2005 643 2090; x_wconf 83' lang='lat' dir='ltr'>Muchuths</span> <span class='ocrx_word' id='word_1_132' title='bbox 654 2026 732 2104; x_wconf 80' lang='lat' dir='ltr'>toga</span> <span class='ocrx_word' id='word_1_133' title='bbox 742 2018 876 2084; x_wconf 76' lang='lat' dir='ltr'>condida</span> <span class='ocrx_word' id='word_1_134' title='bbox 919 2026 1196 2091; x_wconf 69' lang='lat' dir='ltr'>freedthemfrom</span> <span class='ocrx_word' id='word_1_135' title='bbox 1205 2026 1336 2109; x_wconf 73' lang='lat' dir='ltr'>danger,</span> <span class='ocrx_word' id='word_1_136' title='bbox 1349 2023 1466 2109; x_wconf 76' lang='lat' dir='ltr'>assign-</span> 
     </span>
     <span class='ocr_line' id='line_1_15' title="bbox 324 2133 1465 2225; baseline -0.014 -19"><span class='ocrx_word' id='word_1_137' title='bbox 324 2140 521 2225; x_wconf 76' lang='lat' dir='ltr'>pl&#39;aeeiuctus,</span> <span class='ocrx_word' id='word_1_138' title='bbox 541 2133 746 2216; x_wconf 70' lang='lat' dir='ltr'>baculumque</span> <span class='ocrx_word' id='word_1_139' title='bbox 767 2135 874 2213; x_wconf 75' lang='lat' dir='ltr'>pasto·</span> <span class='ocrx_word' id='word_1_140' title='bbox 920 2139 978 2222; x_wconf 84' lang='lat' dir='ltr'>ing</span> <span class='ocrx_word' id='word_1_141' title='bbox 1000 2138 1083 2201; x_wconf 73' lang='lat' dir='ltr'>their</span> <span class='ocrx_word' id='word_1_142' title='bbox 1112 2136 1266 2201; x_wconf 72' lang='lat' dir='ltr'>atrocious</span> <span class='ocrx_word' id='word_1_143' title='bbox 1296 2158 1410 2220; x_wconf 77' lang='lat' dir='ltr'>enemy</span> <span class='ocrx_word' id='word_1_144' title='bbox 1434 2141 1465 2198; x_wconf 71' lang='lat' dir='ltr'>to</span> 
     </span>
     <span class='ocr_line' id='line_1_16' title="bbox 326 2243 1564 2350; baseline -0.007 -34"><span class='ocrx_word' id='word_1_145' title='bbox 326 2251 423 2316; x_wconf 82' lang='lat' dir='ltr'>relem</span> <span class='ocrx_word' id='word_1_146' title='bbox 446 2271 543 2316; x_wconf 77' lang='lat' dir='ltr'>manu</span> <span class='ocrx_word' id='word_1_147' title='bbox 564 2253 685 2312; x_wconf 71' lang='lat' dir='ltr'>tenens.</span> <span class='ocrx_word' id='word_1_148' title='bbox 733 2243 876 2324; x_wconf 64' lang='lat' dir='ltr'>Cumque</span> <span class='ocrx_word' id='word_1_149' title='bbox 922 2248 1026 2313; x_wconf 82' lang='lat' dir='ltr'>death.</span> <span class='ocrx_word' id='word_1_150' title='bbox 1068 2247 1130 2312; x_wconf 85' lang='lat' dir='ltr'>For</span> <span class='ocrx_word' id='word_1_151' title='bbox 1144 2248 1199 2311; x_wconf 91' lang='lat' dir='ltr'>the</span> <span class='ocrx_word' id='word_1_152' title='bbox 1214 2246 1369 2310; x_wconf 74' lang='lat' dir='ltr'>aforesaid</span> <span class='ocrx_word' id='word_1_153' title='bbox 1384 2245 1469 2309; x_wconf 89' lang='lat' dir='ltr'>Gilo·</span> <span class='ocrx_word' id='word_1_154' title='bbox 1563 2318 1564 2350; x_wconf 25' lang='grc'>1</span> 
     </span>
     <span class='ocr_line' id='line_1_17' title="bbox 326 2351 1565 2441; baseline -0.016 -14"><span class='ocrx_word' id='word_1_155' title='bbox 326 2369 400 2426; x_wconf 58' lang='lat' dir='ltr'>unit</span> <span class='ocrx_word' id='word_1_156' title='bbox 413 2362 530 2425; x_wconf 79' lang='lat' dir='ltr'>lectum</span> <span class='ocrx_word' id='word_1_157' title='bbox 542 2359 608 2441; x_wconf 76' lang='lat' dir='ltr'>ejus</span> <span class='ocrx_word' id='word_1_158' title='bbox 617 2351 792 2420; x_wconf 53' lang='lat' dir='ltr'>&amp;tudethis</span> <span class='ocrx_word' id='word_1_159' title='bbox 804 2371 876 2414; x_wconf 80' lang='lat' dir='ltr'>eum</span> <span class='ocrx_word' id='word_1_160' title='bbox 922 2359 1040 2423; x_wconf 74' lang='lat' dir='ltr'>00lmus</span> <span class='ocrx_word' id='word_1_161' title='bbox 1070 2358 1133 2422; x_wconf 70' lang='lat' dir='ltr'>had</span> <span class='ocrx_word' id='word_1_162' title='bbox 1164 2379 1206 2421; x_wconf 77' lang='lat'>110</span> <span class='ocrx_word' id='word_1_163' title='bbox 1235 2379 1348 2422; x_wconf 73' lang='lat' dir='ltr'>sooner</span> <span class='ocrx_word' id='word_1_164' title='bbox 1377 2355 1466 2420; x_wconf 73' lang='lat' dir='ltr'>fallen</span> <span class='ocrx_word' id='word_1_165' title='bbox 1564 2424 1565 2436; x_wconf 12' lang='grc' dir='ltr'><strong>χ</strong></span> 
     </span>
     <span class='ocr_line' id='line_1_18' title="bbox 327 2461 1566 2554; baseline -0.003 -20"><span class='ocrx_word' id='word_1_166' title='bbox 327 2471 429 2534; x_wconf 85' lang='lat' dir='ltr'>verbis</span> <span class='ocrx_word' id='word_1_167' title='bbox 445 2468 641 2554; x_wconf 75' lang='lat' dir='ltr'>aggreditur.</span> <span class='ocrx_word' id='word_1_168' title='bbox 688 2461 876 2540; x_wconf 59' lang='lat' dir='ltr'>“onitin-</span> <span class='ocrx_word' id='word_1_169' title='bbox 923 2469 1024 2552; x_wconf 83' lang='lat' dir='ltr'>osieep</span> <span class='ocrx_word' id='word_1_170' title='bbox 1053 2469 1088 2532; x_wconf 88' lang='lat' dir='ltr'>in</span> <span class='ocrx_word' id='word_1_171' title='bbox 1117 2467 1166 2530; x_wconf 86' lang='lat' dir='ltr'>his</span> <span class='ocrx_word' id='word_1_172' title='bbox 1198 2473 1280 2546; x_wconf 87' lang='lat' dir='ltr'>tent,</span> <span class='ocrx_word' id='word_1_173' title='bbox 1319 2469 1399 2531; x_wconf 83' lang='lat' dir='ltr'>than</span> <span class='ocrx_word' id='word_1_174' title='bbox 1425 2468 1469 2530; x_wconf 84' lang='lat' dir='ltr'>St.</span> <span class='ocrx_word' id='word_1_175' title='bbox 1565 2530 1566 2550; x_wconf 14' lang='grc' dir='ltr'>χ</span> 
     </span>
     <span class='ocr_line' id='line_1_19' title="bbox 327 2555 1469 2664; baseline -0.002 -22"><span class='ocrx_word' id='word_1_176' title='bbox 327 2579 397 2664; x_wconf 75' lang='lat' dir='ltr'>quc</span> <span class='ocrx_word' id='word_1_177' title='bbox 426 2580 515 2656; x_wconf 69' lang='lat' dir='ltr'>mur,</span> <span class='ocrx_word' id='word_1_178' title='bbox 546 2585 579 2642; x_wconf 72' lang='lat' dir='ltr'>ec</span> <span class='ocrx_word' id='word_1_179' title='bbox 607 2577 677 2653; x_wconf 79' lang='lat' dir='ltr'>uu,</span> <span class='ocrx_word' id='word_1_180' title='bbox 708 2581 756 2640; x_wconf 62' lang='lat' dir='ltr'>est</span> <span class='ocrx_word' id='word_1_181' title='bbox 789 2573 878 2638; x_wconf 80' lang='lat' dir='ltr'>cuo·</span> <span class='ocrx_word' id='word_1_182' title='bbox 925 2579 1097 2644; x_wconf 63' lang='lat' dir='ltr'>Murcus</span> <span class='ocrx_word' id='word_1_183' title='bbox 1112 2579 1266 2663; x_wconf 76' lang='lat' dir='ltr'>appeared</span> <span class='ocrx_word' id='word_1_184' title='bbox 1285 2583 1321 2642; x_wconf 70' lang='lat' dir='ltr'>e&gt;</span> <span class='ocrx_word' id='word_1_185' title='bbox 1335 2555 1405 2642; x_wconf 73' lang='lat' dir='ltr'>uim</span> <span class='ocrx_word' id='word_1_186' title='bbox 1425 2599 1469 2640; x_wconf 71' lang='lat' dir='ltr'>ar-</span> 
     </span>
     <span class='ocr_line' id='line_1_20' title="bbox 327 2685 1471 2775; baseline -0.003 -19"><span class='ocrx_word' id='word_1_187' title='bbox 327 2689 456 2754; x_wconf 82' lang='lat' dir='ltr'>oolmus.</span> <span class='ocrx_word' id='word_1_188' title='bbox 503 2689 589 2754; x_wconf 80' lang='lat' dir='ltr'>Quid</span> <span class='ocrx_word' id='word_1_189' title='bbox 618 2686 688 2764; x_wconf 82' lang='lat' dir='ltr'>tibi,</span> <span class='ocrx_word' id='word_1_190' title='bbox 719 2693 775 2750; x_wconf 76' lang='lat' dir='ltr'>aut</span> <span class='ocrx_word' id='word_1_191' title='bbox 803 2685 878 2764; x_wconf 72' lang='lat' dir='ltr'>tuis,</span> <span class='ocrx_word' id='word_1_192' title='bbox 926 2692 1022 2775; x_wconf 83' lang='lat' dir='ltr'>reyed</span> <span class='ocrx_word' id='word_1_193' title='bbox 1037 2691 1071 2754; x_wconf 90' lang='lat' dir='ltr'>in</span> <span class='ocrx_word' id='word_1_194' title='bbox 1086 2691 1217 2775; x_wconf 88' lang='lat' dir='ltr'>shining</span> <span class='ocrx_word' id='word_1_195' title='bbox 1231 2689 1471 2775; x_wconf 81' lang='lat' dir='ltr'>garments,end</span> 
     </span>
     <span class='ocr_line' id='line_1_21' title="bbox 329 2797 1470 2886; baseline -0.003 -21"><span class='ocrx_word' id='word_1_196' title='bbox 329 2800 421 2865; x_wconf 90' lang='lat' dir='ltr'>nocui</span> <span class='ocrx_word' id='word_1_197' title='bbox 437 2799 510 2884; x_wconf 84' lang='lat' dir='ltr'>quin</span> <span class='ocrx_word' id='word_1_198' title='bbox 524 2821 609 2862; x_wconf 89' lang='lat' dir='ltr'>nuno</span> <span class='ocrx_word' id='word_1_199' title='bbox 622 2797 761 2882; x_wconf 84' lang='lat' dir='ltr'>disponis</span> <span class='ocrx_word' id='word_1_200' title='bbox 775 2798 880 2862; x_wconf 89' lang='lat' dir='ltr'>locum</span> <span class='ocrx_word' id='word_1_201' title='bbox 925 2802 1059 2886; x_wconf 92' lang='lat' dir='ltr'>holding</span> <span class='ocrx_word' id='word_1_202' title='bbox 1076 2825 1096 2865; x_wconf 83' lang='lat' dir='ltr'>a</span> <span class='ocrx_word' id='word_1_203' title='bbox 1116 2801 1254 2886; x_wconf 75' lang='lat' dir='ltr'>pastoral</span> <span class='ocrx_word' id='word_1_204' title='bbox 1275 2803 1356 2865; x_wconf 78' lang='lat' dir='ltr'>staff</span> <span class='ocrx_word' id='word_1_205' title='bbox 1376 2801 1409 2864; x_wconf 94' lang='lat' dir='ltr'>in</span> <span class='ocrx_word' id='word_1_206' title='bbox 1426 2800 1470 2863; x_wconf 85' lang='lat' dir='ltr'>his</span> 
     </span>
     <span class='ocr_line' id='line_1_22' title="bbox 329 2909 1471 3000; baseline -0.001 -22"><span class='ocrx_word' id='word_1_207' title='bbox 329 2935 435 2978; x_wconf 90' lang='lat' dir='ltr'>meum</span> <span class='ocrx_word' id='word_1_208' title='bbox 450 2909 614 2996; x_wconf 77' lang='lat' dir='ltr'>predari.’&#39;</span> <span class='ocrx_word' id='word_1_209' title='bbox 660 2913 714 2976; x_wconf 90' lang='lat' dir='ltr'>Ad</span> <span class='ocrx_word' id='word_1_210' title='bbox 728 2913 794 2978; x_wconf 79' lang='lat' dir='ltr'>haec</span> <span class='ocrx_word' id='word_1_211' title='bbox 809 2913 879 2977; x_wconf 90' lang='lat' dir='ltr'>Gil·</span> <span class='ocrx_word' id='word_1_212' title='bbox 926 2917 1022 2980; x_wconf 80' lang='lat' dir='ltr'>hund.</span> <span class='ocrx_word' id='word_1_213' title='bbox 1068 2915 1229 3000; x_wconf 77' lang='lat' dir='ltr'>standing</span> <span class='ocrx_word' id='word_1_214' title='bbox 1242 2915 1471 2980; x_wconf 85' lang='lat' dir='ltr'>beforehimhe</span> 
     </span>
     <span class='ocr_line' id='line_1_23' title="bbox 329 3022 1470 3108; baseline -0.004 -18"><span class='ocrx_word' id='word_1_215' title='bbox 329 3025 467 3090; x_wconf 87' lang='lat' dir='ltr'>ceolmus</span> <span class='ocrx_word' id='word_1_216' title='bbox 477 3022 654 3108; x_wconf 86' lang='lat' dir='ltr'>respondet,</span> <span class='ocrx_word' id='word_1_217' title='bbox 661 3024 766 3092; x_wconf 78' lang='lat' dir='ltr'>“Quis</span> <span class='ocrx_word' id='word_1_218' title='bbox 776 3023 881 3108; x_wconf 89' lang='lat' dir='ltr'>inquit</span> <span class='ocrx_word' id='word_1_219' title='bbox 925 3025 1092 3092; x_wconf 81' lang='lat' dir='ltr'>addreesed</span> <span class='ocrx_word' id='word_1_220' title='bbox 1105 3026 1174 3090; x_wconf 88' lang='lat' dir='ltr'>him</span> <span class='ocrx_word' id='word_1_221' title='bbox 1194 3026 1230 3089; x_wconf 92' lang='lat' dir='ltr'>in</span> <span class='ocrx_word' id='word_1_222' title='bbox 1251 3026 1341 3091; x_wconf 85' lang='lat' dir='ltr'>these</span> <span class='ocrx_word' id='word_1_223' title='bbox 1356 3025 1470 3090; x_wconf 83' lang='lat' dir='ltr'>words:</span> 
     </span>
     <span class='ocr_line' id='line_1_24' title="bbox 330 3135 1473 3222; baseline -0.003 -21"><span class='ocrx_word' id='word_1_224' title='bbox 330 3159 362 3202; x_wconf 85' lang='lat' dir='ltr'>ee</span> <span class='ocrx_word' id='word_1_225' title='bbox 387 3138 478 3201; x_wconf 82' lang='lat' dir='ltr'>tu?&#39;&#39;</span> <span class='ocrx_word' id='word_1_226' title='bbox 524 3138 570 3200; x_wconf 90' lang='lat' dir='ltr'>At</span> <span class='ocrx_word' id='word_1_227' title='bbox 594 3135 646 3200; x_wconf 85' lang='lat' dir='ltr'>ilie</span> <span class='ocrx_word' id='word_1_228' title='bbox 670 3136 725 3200; x_wconf 83' lang='lat' dir='ltr'>eit.</span> <span class='ocrx_word' id='word_1_229' title='bbox 781 3135 881 3219; x_wconf 80' lang='lat' dir='ltr'>“Ego</span> <span class='ocrx_word' id='word_1_230' title='bbox 928 3145 948 3174; x_wconf 92' lang='lat'><strong><em>“</em></strong></span> <span class='ocrx_word' id='word_1_231' title='bbox 957 3139 1060 3202; x_wconf 83' lang='lat' dir='ltr'>Whnt</span> <span class='ocrx_word' id='word_1_232' title='bbox 1074 3137 1155 3201; x_wconf 81' lang='lat' dir='ltr'>fault</span> <span class='ocrx_word' id='word_1_233' title='bbox 1169 3139 1242 3202; x_wconf 75' lang='lat' dir='ltr'>hest</span> <span class='ocrx_word' id='word_1_234' title='bbox 1256 3137 1338 3202; x_wconf 91' lang='lat' dir='ltr'>thou</span> <span class='ocrx_word' id='word_1_235' title='bbox 1352 3137 1473 3222; x_wconf 69' lang='lat' dir='ltr'>against</span> 
     </span>
     <span class='ocr_line' id='line_1_25' title="bbox 330 3247 1474 3330; baseline -0.001 -18"><span class='ocrx_word' id='word_1_236' title='bbox 330 3271 400 3312; x_wconf 82' lang='lat' dir='ltr'>eum</span> <span class='ocrx_word' id='word_1_237' title='bbox 423 3269 530 3312; x_wconf 82' lang='lat' dir='ltr'>servus</span> <span class='ocrx_word' id='word_1_238' title='bbox 560 3247 682 3312; x_wconf 87' lang='lat' dir='ltr'>Christi</span> <span class='ocrx_word' id='word_1_239' title='bbox 710 3247 883 3312; x_wconf 82' lang='lat' dir='ltr'>Meohntue</span> <span class='ocrx_word' id='word_1_240' title='bbox 928 3275 988 3330; x_wconf 88' lang='lat' dir='ltr'>me,</span> <span class='ocrx_word' id='word_1_241' title='bbox 1032 3251 1277 3317; x_wconf 80' lang='lat' dir='ltr'>Gilocolmns?”</span> <span class='ocrx_word' id='word_1_242' title='bbox 1346 3250 1474 3312; x_wconf 78' lang='lat' dir='ltr'>“What</span> 
     </span>
     <span class='ocr_line' id='line_1_26' title="bbox 331 3359 1473 3444; baseline -0.001 -21"><span class='ocrx_word' id='word_1_243' title='bbox 331 3361 419 3444; x_wconf 83' lang='lat' dir='ltr'>cujus</span> <span class='ocrx_word' id='word_1_244' title='bbox 441 3365 478 3423; x_wconf 91' lang='lat' dir='ltr'>tu</span> <span class='ocrx_word' id='word_1_245' title='bbox 500 3359 661 3424; x_wconf 82' lang='lat' dir='ltr'>ecclesium</span> <span class='ocrx_word' id='word_1_246' title='bbox 675 3359 884 3424; x_wconf 79' lang='lat' dir='ltr'>contaminari</span> <span class='ocrx_word' id='word_1_247' title='bbox 927 3365 1008 3428; x_wconf 83' lang='lat' dir='ltr'>have</span> <span class='ocrx_word' id='word_1_248' title='bbox 1023 3363 1041 3426; x_wconf 92' lang='grc' dir='ltr'><strong>Ι</strong></span> <span class='ocrx_word' id='word_1_249' title='bbox 1056 3364 1137 3428; x_wconf 91' lang='lat' dir='ltr'>done</span> <span class='ocrx_word' id='word_1_250' title='bbox 1157 3368 1192 3426; x_wconf 93' lang='lat' dir='ltr'>to</span> <span class='ocrx_word' id='word_1_251' title='bbox 1216 3361 1299 3439; x_wconf 89' lang='lat' dir='ltr'>thee,</span> <span class='ocrx_word' id='word_1_252' title='bbox 1322 3383 1359 3425; x_wconf 89' lang='lat' dir='ltr'>or</span> <span class='ocrx_word' id='word_1_253' title='bbox 1381 3359 1473 3436; x_wconf 80' lang='lat' dir='ltr'>thino,</span> 
     </span>
     <span class='ocr_line' id='line_1_27' title="bbox 331 3469 1474 3558; baseline -0.001 -23"><span class='ocrx_word' id='word_1_254' title='bbox 331 3469 452 3535; x_wconf 84' lang='lat' dir='ltr'>coneris</span> <span class='ocrx_word' id='word_1_255' title='bbox 462 3470 516 3535; x_wconf 89' lang='lat' dir='ltr'>sed</span> <span class='ocrx_word' id='word_1_256' title='bbox 526 3493 588 3534; x_wconf 91' lang='lat' dir='ltr'>non</span> <span class='ocrx_word' id='word_1_257' title='bbox 600 3470 775 3556; x_wconf 50' lang='lat' dir='ltr'>proficies?</span> <span class='ocrx_word' id='word_1_258' title='bbox 811 3472 883 3538; x_wconf 78' lang='lat' dir='ltr'>Quo</span> <span class='ocrx_word' id='word_1_259' title='bbox 927 3477 1001 3541; x_wconf 82' lang='lat' dir='ltr'>that</span> <span class='ocrx_word' id='word_1_260' title='bbox 1025 3477 1104 3542; x_wconf 89' lang='lat' dir='ltr'>thou</span> <span class='ocrx_word' id='word_1_261' title='bbox 1130 3476 1258 3539; x_wconf 85' lang='lat' dir='ltr'>wishest</span> <span class='ocrx_word' id='word_1_262' title='bbox 1283 3481 1318 3538; x_wconf 86' lang='lat' dir='ltr'>to</span> <span class='ocrx_word' id='word_1_263' title='bbox 1348 3473 1474 3558; x_wconf 88' lang='lat' dir='ltr'>plunder</span> 
     </span>
     <span class='ocr_line' id='line_1_28' title="bbox 332 3580 1472 3672; baseline 0.003 -28"><span class='ocrx_word' id='word_1_264' title='bbox 332 3580 417 3644; x_wconf 90' lang='lat' dir='ltr'>dicto</span> <span class='ocrx_word' id='word_1_265' title='bbox 431 3581 588 3660; x_wconf 84' lang='lat' dir='ltr'>baculum,</span> <span class='ocrx_word' id='word_1_266' title='bbox 599 3603 692 3665; x_wconf 90' lang='lat' dir='ltr'>quem</span> <span class='ocrx_word' id='word_1_267' title='bbox 701 3607 799 3648; x_wconf 78' lang='lat' dir='ltr'>manu</span> <span class='ocrx_word' id='word_1_268' title='bbox 812 3589 883 3650; x_wconf 90' lang='lat' dir='ltr'>ten·</span> <span class='ocrx_word' id='word_1_269' title='bbox 928 3591 1015 3652; x_wconf 79' lang='lat' dir='ltr'>what</span> <span class='ocrx_word' id='word_1_270' title='bbox 1044 3588 1071 3651; x_wconf 84' lang='lat' dir='ltr'>is</span> <span class='ocrx_word' id='word_1_271' title='bbox 1101 3586 1261 3672; x_wconf 80' lang='lat' dir='ltr'>deposited</span> <span class='ocrx_word' id='word_1_272' title='bbox 1285 3586 1401 3650; x_wconf 86' lang='lat' dir='ltr'>within</span> <span class='ocrx_word' id='word_1_273' title='bbox 1423 3606 1472 3668; x_wconf 77' lang='lat' dir='ltr'>my</span> 
     </span>
     <span class='ocr_line' id='line_1_29' title="bbox 332 3691 1474 3782; baseline 0.002 -27"><span class='ocrx_word' id='word_1_274' title='bbox 332 3695 431 3768; x_wconf 83' lang='lat' dir='ltr'>uerat,</span> <span class='ocrx_word' id='word_1_275' title='bbox 461 3691 496 3753; x_wconf 90' lang='lat' dir='ltr'>in</span> <span class='ocrx_word' id='word_1_276' title='bbox 525 3693 658 3758; x_wconf 84' lang='lat' dir='ltr'>sublime</span> <span class='ocrx_word' id='word_1_277' title='bbox 690 3695 812 3773; x_wconf 84' lang='lat' dir='ltr'>erexit;</span> <span class='ocrx_word' id='word_1_278' title='bbox 851 3701 883 3761; x_wconf 88' lang='lat' dir='ltr'>ct</span> <span class='ocrx_word' id='word_1_279' title='bbox 929 3699 1143 3782; x_wconf 80' lang='lat' dir='ltr'>senotuory?”</span> <span class='ocrx_word' id='word_1_280' title='bbox 1187 3699 1233 3762; x_wconf 78' lang='lat' dir='ltr'>To</span> <span class='ocrx_word' id='word_1_281' title='bbox 1255 3697 1322 3761; x_wconf 84' lang='lat' dir='ltr'>this</span> <span class='ocrx_word' id='word_1_282' title='bbox 1343 3695 1474 3762; x_wconf 85' lang='lat' dir='ltr'>Gilocol-</span> 
     </span>
     <span class='ocr_line' id='line_1_30' title="bbox 332 3799 1473 3892; baseline 0.002 -26"><span class='ocrx_word' id='word_1_283' title='bbox 332 3799 487 3890; x_wconf 80' lang='lat' dir='ltr'>puucturh</span> <span class='ocrx_word' id='word_1_284' title='bbox 502 3802 531 3866; x_wconf 89' lang='lat' dir='ltr'>ei</span> <span class='ocrx_word' id='word_1_285' title='bbox 545 3825 600 3886; x_wconf 90' lang='lat' dir='ltr'>per</span> <span class='ocrx_word' id='word_1_286' title='bbox 614 3827 667 3868; x_wconf 89' lang='lat' dir='ltr'>cor</span> <span class='ocrx_word' id='word_1_287' title='bbox 681 3802 764 3868; x_wconf 89' lang='lat' dir='ltr'>illius</span> <span class='ocrx_word' id='word_1_288' title='bbox 779 3812 883 3870; x_wconf 81' lang='lat' dir='ltr'>trans·</span> <span class='ocrx_word' id='word_1_289' title='bbox 928 3833 999 3874; x_wconf 86' lang='lat' dir='ltr'>mus</span> <span class='ocrx_word' id='word_1_290' title='bbox 1014 3809 1141 3892; x_wconf 85' lang='lat' dir='ltr'>rephed‚</span> <span class='ocrx_word' id='word_1_291' title='bbox 1164 3814 1185 3845; x_wconf 91' lang='lat'><em>“</em></span> <span class='ocrx_word' id='word_1_292' title='bbox 1194 3809 1280 3873; x_wconf 89' lang='lat' dir='ltr'>Who</span> <span class='ocrx_word' id='word_1_293' title='bbox 1295 3815 1347 3873; x_wconf 79' lang='lat' dir='ltr'>ort</span> <span class='ocrx_word' id='word_1_294' title='bbox 1361 3806 1473 3872; x_wconf 86' lang='lat' dir='ltr'>thou?&#39;&#39;</span> 
     </span>
     <span class='ocr_line' id='line_1_31' title="bbox 333 3913 1474 3998; baseline 0.002 -18"><span class='ocrx_word' id='word_1_295' title='bbox 333 3913 413 3980; x_wconf 84' lang='lat' dir='ltr'>fixit.</span> <span class='ocrx_word' id='word_1_296' title='bbox 452 3914 499 3978; x_wconf 88' lang='lat' dir='ltr'>At</span> <span class='ocrx_word' id='word_1_297' title='bbox 507 3913 560 3980; x_wconf 84' lang='lat' dir='ltr'>ille</span> <span class='ocrx_word' id='word_1_298' title='bbox 569 3914 663 3980; x_wconf 84' lang='lat' dir='ltr'>miser</span> <span class='ocrx_word' id='word_1_299' title='bbox 673 3915 740 3980; x_wconf 90' lang='lat' dir='ltr'>diro</span> <span class='ocrx_word' id='word_1_300' title='bbox 750 3917 885 3984; x_wconf 83' lang='lat' dir='ltr'>clamore</span> <span class='ocrx_word' id='word_1_301' title='bbox 931 3921 982 3984; x_wconf 91' lang='lat' dir='ltr'>He</span> <span class='ocrx_word' id='word_1_302' title='bbox 992 3919 1160 3998; x_wconf 80' lang='lat' dir='ltr'>enswered,</span> <span class='ocrx_word' id='word_1_303' title='bbox 1176 3920 1285 3982; x_wconf 80' lang='lat' dir='ltr'><strong>“Iam</strong></span> <span class='ocrx_word' id='word_1_304' title='bbox 1295 3918 1474 3992; x_wconf 80' lang='lat' dir='ltr'>Mnchutus,</span> 
     </span>
     <span class='ocr_line' id='line_1_32' title="bbox 334 4027 1475 4114; baseline -0.004 -19"><span class='ocrx_word' id='word_1_305' title='bbox 334 4027 466 4106; x_wconf 81' lang='lat' dir='ltr'>emiss03</span> <span class='ocrx_word' id='word_1_306' title='bbox 489 4027 668 4113; x_wconf 82' lang='lat' dir='ltr'>omnesqui</span> <span class='ocrx_word' id='word_1_307' title='bbox 689 4027 884 4114; x_wconf 84' lang='lat' dir='ltr'>circumqua-</span> <span class='ocrx_word' id='word_1_308' title='bbox 929 4033 985 4096; x_wconf 89' lang='lat' dir='ltr'>the</span> <span class='ocrx_word' id='word_1_309' title='bbox 1014 4035 1141 4095; x_wconf 85' lang='lat' dir='ltr'>servent</span> <span class='ocrx_word' id='word_1_310' title='bbox 1165 4029 1201 4093; x_wconf 85' lang='lat' dir='ltr'>of</span> <span class='ocrx_word' id='word_1_311' title='bbox 1226 4029 1347 4106; x_wconf 85' lang='lat' dir='ltr'>Christ,</span> <span class='ocrx_word' id='word_1_312' title='bbox 1377 4029 1475 4092; x_wconf 79' lang='lat' dir='ltr'>whose</span> 
     </span>
     <span class='ocr_line' id='line_1_33' title="bbox 335 4138 1474 4226; baseline -0.002 -22"><span class='ocrx_word' id='word_1_313' title='bbox 335 4141 440 4226; x_wconf 86' lang='lat' dir='ltr'>quein</span> <span class='ocrx_word' id='word_1_314' title='bbox 454 4138 664 4226; x_wconf 77' lang='lat' dir='ltr'>papilionibus</span> <span class='ocrx_word' id='word_1_315' title='bbox 675 4146 743 4206; x_wconf 81' lang='lat' dir='ltr'>eret</span> <span class='ocrx_word' id='word_1_316' title='bbox 754 4164 885 4226; x_wconf 84' lang='lat' dir='ltr'>sompno</span> <span class='ocrx_word' id='word_1_317' title='bbox 931 4143 1048 4207; x_wconf 88' lang='lat' dir='ltr'>church</span> <span class='ocrx_word' id='word_1_318' title='bbox 1060 4143 1138 4206; x_wconf 90' lang='lat' dir='ltr'>thou</span> <span class='ocrx_word' id='word_1_319' title='bbox 1149 4139 1474 4225; x_wconf 79' lang='lat' dir='ltr'>purposestoriolste,</span> 
     </span>
     <span class='ocr_line' id='line_1_34' title="bbox 334 4247 1474 4335; baseline -0.004 -20"><span class='ocrx_word' id='word_1_320' title='bbox 334 4251 480 4330; x_wconf 83' lang='lat' dir='ltr'>excussit,</span> <span class='ocrx_word' id='word_1_321' title='bbox 486 4257 556 4318; x_wconf 91' lang='lat' dir='ltr'>turn</span> <span class='ocrx_word' id='word_1_322' title='bbox 565 4257 692 4319; x_wconf 81' lang='lat' dir='ltr'>sanetus</span> <span class='ocrx_word' id='word_1_323' title='bbox 702 4275 773 4318; x_wconf 89' lang='lat' dir='ltr'>eum</span> <span class='ocrx_word' id='word_1_324' title='bbox 782 4259 885 4316; x_wconf 84' lang='lat' dir='ltr'>trans·</span> <span class='ocrx_word' id='word_1_325' title='bbox 931 4255 989 4318; x_wconf 91' lang='lat' dir='ltr'>but</span> <span class='ocrx_word' id='word_1_326' title='bbox 1003 4253 1078 4318; x_wconf 86' lang='lat' dir='ltr'>vein</span> <span class='ocrx_word' id='word_1_327' title='bbox 1100 4275 1151 4317; x_wconf 83' lang='lat' dir='ltr'>ure</span> <span class='ocrx_word' id='word_1_328' title='bbox 1171 4253 1230 4335; x_wconf 88' lang='lat' dir='ltr'>thy</span> <span class='ocrx_word' id='word_1_329' title='bbox 1245 4251 1435 4315; x_wconf 81' lang='lat' dir='ltr'>endeavours</span> <span class='ocrx_word' id='word_1_330' title='bbox 1447 4247 1474 4309; x_wconf 89' lang='lat'>!&#39;&#39;</span> 
     </span>
     <span class='ocr_line' id='line_1_35' title="bbox 335 4359 1476 4452; baseline -0.002 -28"><span class='ocrx_word' id='word_1_331' title='bbox 335 4360 406 4426; x_wconf 81' lang='lat' dir='ltr'>fixit</span> <span class='ocrx_word' id='word_1_332' title='bbox 412 4363 526 4430; x_wconf 82' lang='lat' dir='ltr'>iterum</span> <span class='ocrx_word' id='word_1_333' title='bbox 535 4364 601 4450; x_wconf 83' lang='lat' dir='ltr'>ipse</span> <span class='ocrx_word' id='word_1_334' title='bbox 610 4365 718 4452; x_wconf 84' lang='lat' dir='ltr'>(fecit¹)</span> <span class='ocrx_word' id='word_1_335' title='bbox 727 4363 885 4444; x_wconf 73' lang='lat' dir='ltr'>clamavit,</span> <span class='ocrx_word' id='word_1_336' title='bbox 931 4365 1134 4451; x_wconf 88' lang='lat' dir='ltr'>Whereupon</span> <span class='ocrx_word' id='word_1_337' title='bbox 1148 4361 1321 4448; x_wconf 74' lang='lat' dir='ltr'>reiningen</span> <span class='ocrx_word' id='word_1_338' title='bbox 1335 4361 1416 4448; x_wconf 88' lang='lat' dir='ltr'>high</span> <span class='ocrx_word' id='word_1_339' title='bbox 1426 4359 1476 4426; x_wconf 83' lang='lat' dir='ltr'>the</span> 
     </span>
    </p>
   </div>
   <div class='ocr_carea' id='block_1_3' title="bbox 847 4547 973 4606">
    <p class='ocr_par' dir='ltr' id='par_1_3' title="bbox 847 4547 973 4606">
     <span class='ocr_line' id='line_1_36' title="bbox 847 4547 973 4606; baseline -0.008 -25"><span class='ocrx_word' id='word_1_340' title='bbox 847 4547 856 4581; x_wconf 89' lang='lat' dir='ltr'>r</span> <span class='ocrx_word' id='word_1_341' title='bbox 873 4547 973 4606; x_wconf 59' lang='lat' dir='ltr'>Mn,</span> 
     </span>
    </p>
   </div>
   <div class='ocr_carea' id='block_1_4' title="bbox 0 0 1627 5124">
    <p class='ocr_par' dir='ltr' id='par_1_4' title="bbox 0 0 1627 5124">
     <span class='ocr_line' id='line_1_37' title="bbox 0 0 1627 5124; baseline 0 0"><span class='ocrx_word' id='word_1_342' title='bbox 0 0 1627 5124; x_wconf 95' lang='lat' dir='ltr'> </span> 
     </span>
    </p>
   </div>
  </div>
 </body>
</html>
